@online{reference,
author={abc},
title={dummyReference},
url={example.com},
year={2012},
urldate={2020-12-01}
}